@misc{slim,
	Title = {http://slimframework.com/}
}
